@Misc{wiki_wai,
  Author	 = {Wikipedia},
  Title		 = {Web Accessibility Initiative},
  HowPublished	 = {\\\url{http://it.wikipedia.org/wiki/Web_Accessibility_Initiative}}
}

@Misc{mb2001,
  Author         = {Maurizio Boscarol},
  Title      	 = {Accessibilità o usabilità? Istruzioni per l'uso},
  Publisher	 = {Usabile.it},
  HowPublished   = {\\\url{http://www.usabile.it/122001.htm}},
  Month		 = {November},
  Year		 = {2001}
}

@Book{bs2010,
  Author         = {Ben Shneiderman},
  Title      	 = {Designing the User Interface: Strategies for Effective Human-Computer Interaction. With C. Plaisant},
  Edition	 = {5th edition}
  Publisher	 = {Addison-Wesley},
  Year		 = {2010},
  ISBN 		 = {0-321-26978-0}
}

@Misc{mb2000,
  Author         = {Maurizio Boscarol},
  Title      	 = {Che cos'è l'usabilità dei siti web},
  Publisher	 = {Usabile.it},
  HowPublished   = {\\\url{http://www.usabile.it/012000.htm}},
  Month		 = {December},
  Year		 = {2001}
}

@Misc{dz_usab,
  Author         = {Daniele Ziggiotto},
  Title      	 = {Usabilità del WWW: metodi di valutazione},
  Publisher	 = {Hyperlabs},
  HowPublished   = {\\\url{http://www.hyperlabs.net/ergonomia/ziggiotto/index.html}},
  Month		 = {December},
  Year		 = {2001}
}

@Book{lp2009,
  Author	 = {Laura Papaleo},
  Title		 = {Teoria e tecniche per la valutazione dei prodotti e delle interfacce},
  HowPublished	 = {Dispense del corso ``Interfacce Grafiche''),
  Publisher	 = {Università degli Studi di Genova},
  Year		 = {2009}
}

@Misc{ms2003,
  Author	 = {Marco Sentinelli},
  Title		 = {Usabilità dei nuovi media},
  Publisher	 = {Carocci},
  Year		 = {2003}
}

@Book{jn_web_usability,
  Author         = {Jakob Nielsen},
  Title      	 = {Web Usability 2.0},
  Publisher	 = {Apogeo},
  Month		 = {October},
  Year		 = {2006}
}

@Misc{mv_webusabile,
  Author         = {Michele Visciola},
  Title      	 = {L’usabilità dei siti web},
  Publisher	 = {WebUsabile.it},
  HowPublished   = {\\\url{http://www.webusabile.it/}}
}

@Misc{wiki_cms,
  Author	 = {Wikipedia},
  Title		 = {Content management system},
  HowPublished	 = {\\\url{http://it.wikipedia.org/wiki/Content_management_system}}
}

@Book{sk2000,
  Author         = {Steve Krug},
  Title  	 = {Don't Make Me Think: A Common Sense Approach to Web Usability},
  Publisher	 = {Que},
  Year		 = {2000},
  ISBN 		 = {0-789-72310-7}
}

@Misc{wiki_layout,
  Author	 = {Wikipedia},
  Title		 = {Layout},
  HowPublished	 = {\\\url{http://it.wikipedia.org/wiki/Layout}}
}

@Misc{wiki_font,
  Author	 = {Wikipedia},
  Title		 = {Tipo di carattere},
  HowPublished	 = {\\\url{http://it.wikipedia.org/wiki/Tipo_di_carattere}}
}

@Misc{wiki_atf,
  Author	 = {Wikipedia},
  Title		 = {Above the fold},
  HowPublished	 = {\\\url{http://en.wikipedia.org/wiki/Above_the_fold}}
}
http://en.wikipedia.org/wiki/Above_the_fold

@Misc{wiki_css,
  Author	 = {Wikipedia},
  Title		 = {CSS (informatica)},
  HowPublished	 = {\\\url{http://it.wikipedia.org/wiki/CSS_\%28informatica\%29}}
}

@Misc{wiki_banner,
  Author	 = {Wikipedia},
  Title		 = {Banner},
  HowPublished	 = {\\\url{http://it.wikipedia.org/wiki/Banner}}
}

@Misc{wiki_anchor,
  Author	 = {Wikipedia},
  Title		 = {Anchor},
  HowPublished	 = {\\\url{http://it.wikipedia.org/wiki/Anchor}}
}

@Misc{jn2006,
  Author         = {Jakob Nielsen},
  Title      	 = {F-Shaped Pattern For Reading Web Content},
  Publisher	 = {Jakob Nielsen's Alertbox},
  HowPublished   = {\\\url{http://www.useit.com/alertbox/reading_pattern.html}},
  Month		 = {April},
  Year		 = {2006}
}

@Misc{wiki_url,
  Author	 = {Wikipedia},
  Title		 = {Uniform Resource Locator},
  HowPublished	 = {http://it.wikipedia.org/wiki/Url}
}

@Misc{jn2007,
  Author         = {Jakob Nielsen},
  Title      	 = {Breadcrumb Navigation Increasingly Useful},
  Publisher	 = {Jakob Nielsen's Alertbox},
  HowPublished   = {\\\url{http://www.useit.com/alertbox/breadcrumbs.html}},
  Month		 = {April},
  Year		 = {2007}
}

@Misc{wiki_sitemap,
  Author         = {Wikipedia},
  Title      	 = {Sitemap},
  HowPublished   = {\\\url{http://it.wikipedia.org/wiki/Sitemap}}
}

@Misc{wiki_roi,
  Author	 = {Wikipedia},
  Title		 = {Return on investment},
  HowPublished	 = {\\\url{http://it.wikipedia.org/wiki/Return_on_investment}}
}

@Misc{jn2008,
  Author         = {Jakob Nielsen},
  Title      	 = {Site Map Usability},
  Publisher	 = {Jakob Nielsen's Alertbox},
  HowPublished   = {\\\url{http://www.useit.com/alertbox/sitemaps.html}},
  Month		 = {September},
  Year		 = {2008}
}

@Misc{wiki_sitemap,
  Author         = {Wikipedia},
  Title      	 = {OpenOffice.org XML},
  HowPublished   = {\\\url{http://en.wikipedia.org/wiki/OpenOffice.org_XML}}
}

@Misc{jn1997,
  Author         = {Jakob Nielsen},
  Title      	 = {Search and You May Find},
  Publisher	 = {Jakob Nielsen's Alertbox},
  HowPublished   = {\\\url{http://www.useit.com/alertbox/9707b.html}},
  Month		 = {July},
  Year		 = {1997}
}

@Book{hhs2006,
  Author	 = {Health and Human Services Dept. (U.S.)},
  Title		 = {Research-Based Web Design \& Usability Guidelines},
  Edition	 = {Enlarged/Expanded edition},
  Publisher	 = {U.S. Dept. of Health and Human Services},
  Month		 = {August},
  Year		 = {2006},
  ISBN		 = {0-160-76270-7}
}

@Book{sm1986,
  Author	 = {S. L. Smith, J. N. Mosier},
  Title		 = {Guidelines for Designing User Interface Software},
  Publisher	 = {Natl. Technical Information},
  Month		 = {August},
  Year		 = {1986},
  ISBN		 = {9-992-08041-8}
}

@Misc{bollino_blu,
  Author	 = {ARPA (Agenzie Regionali per la Protezione Ambientale)},
  Title		 = {Liberiamo l'aria - Bollino blu},
  HowPublished	 = {\\\url{http://www.arpa.emr.it/pubblicazioni/liberiamo/avvisi_24.asp?idlivello=857}}
}

